%%Para citar capitulos en un libro en APA, claro con el package citeapa

%%% Cambie los capitulos dependiendo de %%%
@inbook{CEPALCovid,
	author = {CEPAL},
	title = {Capítulo 1: El contexto internacional},
	booktitle = {Estudio Económico de América y el Caribe 2020},
	publisher = {LC/PUB.2020/12-P},
	year = {2020},
	address = {Santiago}
}

@inbook{Censo2019,
	author = {INEGI},
	title = {INEGI PRESENTA LOS RESULTADOS DEFINITIVOS DE LOS CENSOS ECONóMICOS 2019},
	booktitle = {COMUNICADO DE PRENSA NúM. 305/20},
	publisher = {INEGI},
	year = {2020},
	address = {México}
}

@inbook{ENIGH2018,
	author = {INEGI},
	title = {EL INEGI DA A CONOCER LOS RESULTADOS DE LA ENCUESTA NACIONAL DE INGRESOS Y GASTOS DE LOS HOGARES (ENIGH) 2018},
	booktitle = {Encuesta Nacional de Ingresos y Gastos de los Hogares (ENIGH) 2018},
	publisher = {INEGI},
	year = {2019},
	address = {México}
}

@book{Banxico4toTrismestre,
	author = {Banxico},
	title = {Resumen Ejecutivo del Informe Trimestral Octubre – Diciembre 2020},
	publisher = {Banco de México},
	year = {2021},
	address = {México}
}

@book{ENOE2020,
	author = {INEGI},
	title = {Resultados de la Encuesta Nacional de Ocupación y Empleo. Nueva Edición (ENOEN)},
	publisher = {INEGI},
	year = {2021},
	address = {México}
}

@MISC{GlosarioINEGI,
    author = {INEGI},
    title = {Glosario},
    year = {2021},
    howpublished={En \url{https://www.inegi.org.mx/app/glosario/default.html?p=ENOE15}}
}

@MISC{ConstruccionINEGI,
    author = {INEGI},
    title = {Construcción},
    year = {2021},
    howpublished={En \url{https://www.inegi.org.mx/temas/construccion/}}
}

@book{CONEVALDesarrolloSocial,
	author = {CONEVAL},
	title = {Informe de Evaluación de la política de desarrollo social 2020},
	publisher = {CONEVAL},
	year = {2021},
	address = {coneval.org.mx}
}

@inbook{PeriodizacionMexico,
	author = {Rolando Cordera, Clemente Ruiz},
	title = {Esquema de periodización del desarrollo
capitalista en México. Notas.},
	booktitle = {Revista investigación económica},
	publisher = {Facultad de Economía},
	year = {1980},
	address = {México}
}

@book{ReformasHistoria,
	author = {Juan Moreno and Jaime Ros},
	title = {México: las reformas del mercado desde una perspectiva histórica},
	publisher = {Naciones Unidas},
	year = {2006},
	address = {México}
}

@book{EstadoyDesarrolloUNAM,
	author = {J Ayala},
	title = {Modernización, industrialización y economía mixta en el periodo 1940-1954},
	publisher = {UNAM},
	year = {2001},
	address = {México}
}

@book{CrecEcoSano,
	author = {E Cárdenas},
	title = {El crecimiento económico sano},
	publisher = {Fondo de Cultura Económica},
	year = {1996},
	address = {México}
}

@book{DebilidadEstructural,
	author = {Enrique Cárdenas},
	title = {Capítulo II. Alto crecimiento con debilidad estructural, 1963 - 1971},
	publisher = {El Colegio de México, Fideicomiso Historia de las Américas y Fondo de Cultura Económica},
	year = {2003},
	address = {México}
}

@MISC{AmloDesarrolloEstab,
    author = {Newsmexico.com.mx},
    title = {AMLO promete crecimiento del 4\%del PIB; Retomará la Era del Desarrollo Estabilizador},
    year = {2018},
    howpublished={En \url{https://youtu.be/aklJymmlM-c}}
}

@book{PopulismoMexicano,
	author = {Enrique Cárdenas},
	title = {Capítulo III. El populismo económico mexicano, 1972 - 1981},
	publisher = {El Colegio de México, Fideicomiso Historia de las Américas y Fondo de Cultura Económica},
	year = {2003},
	address = {México}
}

@inbook{AjusteMacroAspe,
    author = {Pedro Aspe},
	title = {Capítulo I. Ajuste macroeconómico y concentración social. El programa de estabilización en México (1983-1991)},
	booktitle = {El camino mexicano de la transformación económica},
	publisher = {Fondo de Cultura Económica},
	year = {1993},
	address = {México}
}

@MISC{Silva-Herzog-Opinion-Desarrollo,
    author = {Canal Once},
    title = {Línea Directa - Jesús Silva Herzog},
    year = {2017},
    howpublished={En \url{https://youtu.be/iaXfnM6aCbQ}}
}
